@article {maclaren1969art,
  title={The Art of Computer Programmingâ€”Volume 1: Fundamental Algorithms (Donald E. Knuth)},
  author={MacLaren, M Donald},
  journal={Siam Review},
  volume={11},
  number={1},
  pages={89--91},
  year={1969},
  publisher={SIAM}
}

@book{horowitz1976fundamentals,
  title={Fundamentals of data structures},
  author={Horowitz, Ellis and Sahni, Sartaj and Anderson-Freed, Susan},
  volume={20},
  year={1976},
  publisher={Computer science press Potomac, MD}
}

@article{blumofe1999scheduling,
  title={Scheduling multithreaded computations by work stealing},
  author={Blumofe, Robert D and Leiserson, Charles E},
  journal={Journal of the ACM (JACM)},
  volume={46},
  number={5},
  pages={720--748},
  year={1999},
  publisher={ACM New York, NY, USA}
}

@article {btrees,
  title={Symmetric Binary B-Trees: Data Structure and Maintanance Algorithms},
  author={R. Bayer},
  journal={Acta Informatica},
  volume={1},
  pages={290-306},
  year={1972},
  publisher={Springer Verlag}
}
